<?xml version="1.0" encoding="UTF-8"?><collection xmlns="http://www.loc.gov/MARC21/slim"><record><leader>00501nam--2200169-i-4500</leader><controlfield tag="001">000040132</controlfield><controlfield tag="002">20161230</controlfield><controlfield tag="005">20161230201042</controlfield><controlfield tag="008">060222s1000------------r-----000-0-eng-d</controlfield><datafield ind1=" " ind2=" " tag="040"><subfield code="a">IFIN-HH</subfield></datafield><datafield ind1=" " ind2=" " tag="080"><subfield code="a">539.12.01:539.172.8</subfield></datafield><datafield ind1="1" ind2=" " tag="100"><subfield code="a">Salin,Ph</subfield></datafield><datafield ind1="1" ind2="0" tag="245"><subfield code="a">Determination of dirac neutron form factor from electroproduction of pions</subfield><subfield code="c">Ph. salin</subfield></datafield><datafield ind1=" " ind2=" " tag="260"><subfield code="a">Bordeaux</subfield><subfield code="b">Laboratoire De Physique Theorique</subfield><subfield code="c">1963</subfield></datafield><datafield ind1=" " ind2=" " tag="300"><subfield code="a">33 P. + 16 FIG</subfield></datafield><datafield ind1=" " ind2=" " tag="852"><subfield code="a">18747</subfield><subfield code="c">539.12</subfield></datafield><datafield ind1=" " ind2=" " tag="CAT"><subfield code="a">Sys</subfield><subfield code="c">20111103</subfield><subfield code="h">121415</subfield></datafield></record></collection>